[gd_scene load_steps=9 format=2]

[ext_resource path="res://scenes/endgame/Endgame.gd" type="Script" id=1]
[ext_resource path="res://assets/music/end.ogg" type="AudioStream" id=2]
[ext_resource path="res://assets/fonts/Patrick_Hand/PatrickHand-Regular.ttf" type="DynamicFontData" id=3]
[ext_resource path="res://assets/dialog/indicator.png" type="Texture" id=4]

[sub_resource type="DynamicFont" id=1]
size = 60
use_mipmaps = true
use_filter = true
font_data = ExtResource( 3 )

[sub_resource type="Animation" id=2]
resource_name = "blink_next"
length = 6.0
loop = true
tracks/0/type = "value"
tracks/0/path = NodePath("CanvasLayer/NextIcon:visible")
tracks/0/interp = 1
tracks/0/loop_wrap = true
tracks/0/imported = false
tracks/0/enabled = false
tracks/0/keys = {
"times": PoolRealArray( 0, 0.5, 1, 1.5, 2, 2.5 ),
"transitions": PoolRealArray( 1, 1, 1, 1, 1, 1 ),
"update": 1,
"values": [ false, true, false, true, false, true ]
}
tracks/1/type = "value"
tracks/1/path = NodePath("CanvasLayer/NextIcon:self_modulate")
tracks/1/interp = 1
tracks/1/loop_wrap = true
tracks/1/imported = false
tracks/1/enabled = true
tracks/1/keys = {
"times": PoolRealArray( 0, 0.9, 1.9, 2.8, 3.8, 4.9 ),
"transitions": PoolRealArray( 1, 1, 1, 1, 1, 1 ),
"update": 0,
"values": [ Color( 1, 1, 1, 0 ), Color( 1, 1, 1, 1 ), Color( 1, 1, 1, 0 ), Color( 1, 1, 1, 1 ), Color( 1, 1, 1, 0 ), Color( 1, 1, 1, 1 ) ]
}

[sub_resource type="Animation" id=3]
resource_name = "hide_text"
length = 1.2
tracks/0/type = "value"
tracks/0/path = NodePath("CanvasLayer/EndLabelContainer/AndThus:self_modulate")
tracks/0/interp = 1
tracks/0/loop_wrap = true
tracks/0/imported = false
tracks/0/enabled = true
tracks/0/keys = {
"times": PoolRealArray( 0, 1 ),
"transitions": PoolRealArray( 1, 1 ),
"update": 0,
"values": [ Color( 1, 1, 1, 1 ), Color( 1, 1, 1, 0 ) ]
}
tracks/1/type = "value"
tracks/1/path = NodePath("CanvasLayer/EndLabelContainer/Knight:self_modulate")
tracks/1/interp = 1
tracks/1/loop_wrap = true
tracks/1/imported = false
tracks/1/enabled = true
tracks/1/keys = {
"times": PoolRealArray( 0, 1 ),
"transitions": PoolRealArray( 1, 1 ),
"update": 0,
"values": [ Color( 1, 1, 1, 1 ), Color( 1, 1, 1, 0.0163832 ) ]
}
tracks/2/type = "value"
tracks/2/path = NodePath("CanvasLayer/EndLabelContainer/Kinda:self_modulate")
tracks/2/interp = 1
tracks/2/loop_wrap = true
tracks/2/imported = false
tracks/2/enabled = true
tracks/2/keys = {
"times": PoolRealArray( 0, 1 ),
"transitions": PoolRealArray( 1, 1 ),
"update": 0,
"values": [ Color( 1, 1, 1, 1 ), Color( 1, 1, 1, 0.0209795 ) ]
}
tracks/3/type = "value"
tracks/3/path = NodePath("CanvasLayer/EndLabelContainer2/However:self_modulate")
tracks/3/interp = 1
tracks/3/loop_wrap = true
tracks/3/imported = false
tracks/3/enabled = true
tracks/3/keys = {
"times": PoolRealArray( 0, 1 ),
"transitions": PoolRealArray( 1, 1 ),
"update": 0,
"values": [ Color( 1, 1, 1, 1 ), Color( 1, 1, 1, 0.0114886 ) ]
}
tracks/4/type = "value"
tracks/4/path = NodePath("CanvasLayer/EndLabelContainer2/Adventure:self_modulate")
tracks/4/interp = 1
tracks/4/loop_wrap = true
tracks/4/imported = false
tracks/4/enabled = true
tracks/4/keys = {
"times": PoolRealArray( 0, 1 ),
"transitions": PoolRealArray( 1, 1 ),
"update": 0,
"values": [ Color( 1, 1, 1, 1 ), Color( 1, 1, 1, 0 ) ]
}
tracks/5/type = "value"
tracks/5/path = NodePath("CanvasLayer/NextIcon:visible")
tracks/5/interp = 1
tracks/5/loop_wrap = true
tracks/5/imported = false
tracks/5/enabled = true
tracks/5/keys = {
"times": PoolRealArray( 0.0141663 ),
"transitions": PoolRealArray( 1 ),
"update": 1,
"values": [ false ]
}

[sub_resource type="Animation" id=4]
length = 8.0
tracks/0/type = "value"
tracks/0/path = NodePath("CanvasLayer/EndLabelContainer/AndThus:self_modulate")
tracks/0/interp = 1
tracks/0/loop_wrap = true
tracks/0/imported = false
tracks/0/enabled = true
tracks/0/keys = {
"times": PoolRealArray( 0, 1 ),
"transitions": PoolRealArray( 1, 1 ),
"update": 0,
"values": [ Color( 1, 1, 1, 0 ), Color( 1, 1, 1, 1 ) ]
}
tracks/1/type = "value"
tracks/1/path = NodePath("CanvasLayer/EndLabelContainer/Knight:self_modulate")
tracks/1/interp = 1
tracks/1/loop_wrap = true
tracks/1/imported = false
tracks/1/enabled = true
tracks/1/keys = {
"times": PoolRealArray( 1.6, 2.6 ),
"transitions": PoolRealArray( 1, 1 ),
"update": 0,
"values": [ Color( 1, 1, 1, 0 ), Color( 1, 1, 1, 1 ) ]
}
tracks/2/type = "value"
tracks/2/path = NodePath("CanvasLayer/EndLabelContainer/Kinda:self_modulate")
tracks/2/interp = 1
tracks/2/loop_wrap = true
tracks/2/imported = false
tracks/2/enabled = true
tracks/2/keys = {
"times": PoolRealArray( 3.1, 4 ),
"transitions": PoolRealArray( 1, 1 ),
"update": 0,
"values": [ Color( 1, 1, 1, 0 ), Color( 1, 1, 1, 1 ) ]
}
tracks/3/type = "value"
tracks/3/path = NodePath("CanvasLayer/EndLabelContainer2/However:self_modulate")
tracks/3/interp = 1
tracks/3/loop_wrap = true
tracks/3/imported = false
tracks/3/enabled = true
tracks/3/keys = {
"times": PoolRealArray( 4.6, 5.8 ),
"transitions": PoolRealArray( 1, 1 ),
"update": 0,
"values": [ Color( 1, 1, 1, 0 ), Color( 1, 1, 1, 1 ) ]
}
tracks/4/type = "value"
tracks/4/path = NodePath("CanvasLayer/EndLabelContainer2/Adventure:self_modulate")
tracks/4/interp = 1
tracks/4/loop_wrap = true
tracks/4/imported = false
tracks/4/enabled = true
tracks/4/keys = {
"times": PoolRealArray( 6.5, 7.4 ),
"transitions": PoolRealArray( 1, 1 ),
"update": 0,
"values": [ Color( 1, 1, 1, 0 ), Color( 1, 1, 1, 1 ) ]
}

[node name="Endgame" type="Spatial"]
script = ExtResource( 1 )
endgame_music = ExtResource( 2 )

[node name="CanvasLayer" type="CanvasLayer" parent="."]
layer = -1

[node name="Black" type="ColorRect" parent="CanvasLayer"]
anchor_right = 1.0
anchor_bottom = 1.0
color = Color( 0, 0, 0, 1 )

[node name="EndLabelContainer" type="HBoxContainer" parent="CanvasLayer"]
margin_left = 200.0
margin_top = 400.0
margin_right = 1843.0
margin_bottom = 482.0

[node name="AndThus" type="Label" parent="CanvasLayer/EndLabelContainer"]
self_modulate = Color( 1, 1, 1, 0 )
margin_right = 524.0
margin_bottom = 82.0
grow_horizontal = 2
grow_vertical = 2
custom_fonts/font = SubResource( 1 )
text = "ENDGAME_THUS_LABEL"

[node name="Knight" type="Label" parent="CanvasLayer/EndLabelContainer"]
self_modulate = Color( 1, 1, 1, 0.00671864 )
margin_left = 528.0
margin_right = 1097.0
margin_bottom = 82.0
grow_horizontal = 2
grow_vertical = 2
custom_fonts/font = SubResource( 1 )
text = "ENDGAME_KNIGHT_LABEL"

[node name="Kinda" type="Label" parent="CanvasLayer/EndLabelContainer"]
self_modulate = Color( 1, 1, 1, 0.00560019 )
margin_left = 1101.0
margin_right = 1643.0
margin_bottom = 82.0
grow_horizontal = 2
grow_vertical = 2
custom_fonts/font = SubResource( 1 )
text = "ENDGAME_KINDA_LABEL"

[node name="EndLabelContainer2" type="HBoxContainer" parent="CanvasLayer"]
margin_left = 500.0
margin_top = 500.0
margin_right = 1623.0
margin_bottom = 582.0
grow_horizontal = 2
grow_vertical = 2

[node name="However" type="Label" parent="CanvasLayer/EndLabelContainer2"]
self_modulate = Color( 1, 1, 1, 0.00629147 )
margin_right = 620.0
margin_bottom = 82.0
grow_horizontal = 2
grow_vertical = 2
custom_fonts/font = SubResource( 1 )
text = "ENDGAME_HOWEVER_LABEL"

[node name="Adventure" type="Label" parent="CanvasLayer/EndLabelContainer2"]
self_modulate = Color( 1, 1, 1, 0.0010358 )
margin_left = 624.0
margin_right = 1123.0
margin_bottom = 82.0
grow_horizontal = 2
grow_vertical = 2
custom_fonts/font = SubResource( 1 )
text = "ENDGAME_ADV_LABEL"

[node name="NextIcon" type="TextureRect" parent="CanvasLayer"]
self_modulate = Color( 1, 1, 1, 0 )
anchor_left = 0.5
anchor_top = 1.0
anchor_right = 0.5
anchor_bottom = 1.0
margin_left = -20.0
margin_top = -280.0
margin_right = 20.0
margin_bottom = -240.0
rect_rotation = 90.0
rect_pivot_offset = Vector2( 20, 20 )
texture = ExtResource( 4 )
expand = true

[node name="AnimationPlayer" type="AnimationPlayer" parent="."]
anims/blink_next = SubResource( 2 )
anims/hide_text = SubResource( 3 )
anims/show_text = SubResource( 4 )
