[gd_scene load_steps=19 format=2]

[ext_resource path="res://scenes/crumbs/Crumbs.gd" type="Script" id=1]
[ext_resource path="res://assets/music/crumbs.ogg" type="AudioStream" id=2]
[ext_resource path="res://assets/scenes/crumbs/Crumbs.tscn" type="PackedScene" id=3]
[ext_resource path="res://scenes/general/CameraArea.gd" type="Script" id=4]
[ext_resource path="res://characters/duckson/Duckson.tscn" type="PackedScene" id=5]
[ext_resource path="res://scenes/general/Light.gd" type="Script" id=6]
[ext_resource path="res://scenes/crumbs/ArcadeDoorArea.gd" type="Script" id=7]
[ext_resource path="res://scenes/crumbs/TownDoorArea.gd" type="Script" id=8]
[ext_resource path="res://characters/greenier/Greenier.tscn" type="PackedScene" id=9]
[ext_resource path="res://characters/goldie/Goldie.tscn" type="PackedScene" id=10]
[ext_resource path="res://scenes/crumbs/ArcadePostInteractArea.gd" type="Script" id=11]

[sub_resource type="BoxShape" id=1]
extents = Vector3( 4.48246, 7.52244, 11.0476 )

[sub_resource type="BoxShape" id=2]
extents = Vector3( 7.86089, 8.69715, 11.1821 )

[sub_resource type="ProceduralSky" id=3]

[sub_resource type="Environment" id=4]
background_mode = 3
background_sky = SubResource( 3 )
background_energy = 0.76
ambient_light_energy = 0.9

[sub_resource type="BoxShape" id=5]
extents = Vector3( 2.28448, 4.51653, 2.33937 )

[sub_resource type="BoxShape" id=6]
extents = Vector3( 2.31848, 3.44126, 2.38098 )

[sub_resource type="BoxShape" id=7]
extents = Vector3( 1.3974, 1.29874, 1.17636 )

[node name="Crumbs" type="Spatial"]
script = ExtResource( 1 )
crumbs_music = ExtResource( 2 )

[node name="Model" parent="." instance=ExtResource( 3 )]

[node name="CameraDoor" parent="Model" index="2"]
fov = 29.0
far = 200.0

[node name="CameraGreenier" parent="Model" index="3"]
far = 200.0

[node name="CameraDoorArea" type="Area" parent="."]
editor/display_folded = true
transform = Transform( 1, 0, 0, 0, 1, 0, 0, 0, 1, -20.5349, 0, 6.31511 )
script = ExtResource( 4 )
camera_path = NodePath("../Model/CameraDoor")

[node name="CollisionShape" type="CollisionShape" parent="CameraDoorArea"]
transform = Transform( 1, 0, 0, 0, 1, 0, 0, 0, 1, -0.378906, 0, -1.68403 )
shape = SubResource( 1 )

[node name="GreenierCameraArea" type="Area" parent="."]
editor/display_folded = true
transform = Transform( 1, 0, 0, 0, 1, 0, 0, 0, 1, -8.81754, 0, 5.34221 )
script = ExtResource( 4 )
camera_path = NodePath("../Model/CameraGreenier")

[node name="CollisionShape" type="CollisionShape" parent="GreenierCameraArea"]
transform = Transform( 1, 0, 0, 0, 1, 0, 0, 0, 1, 0.388081, 0, 0 )
shape = SubResource( 2 )

[node name="Duckson" parent="." instance=ExtResource( 5 )]
transform = Transform( -4.37114e-08, 0, 1, 0, 1, 0, -1, 0, -4.37114e-08, -19.0493, 0, 7.12963 )

[node name="WorldEnvironment" type="WorldEnvironment" parent="."]
environment = SubResource( 4 )

[node name="SpotLight" type="SpotLight" parent="."]
transform = Transform( 1, 0, 0, 0, 0.0306309, 0.999531, 0, -0.999531, 0.0306309, -9.42555, 7.77594, 3.19395 )
shadow_enabled = true
shadow_bias = 0.0
shadow_reverse_cull_face = true
spot_range = 23.3
spot_attenuation = 0.784584
spot_angle = 67.3
spot_angle_attenuation = 5.85632
script = ExtResource( 6 )

[node name="ArcadeDoorArea" type="Area" parent="."]
transform = Transform( 1, 0, 0, 0, 1, 0, 0, 0, 1, -0.168637, 0, 5.47869 )
script = ExtResource( 7 )

[node name="CollisionShape" type="CollisionShape" parent="ArcadeDoorArea"]
transform = Transform( 1, 0, 0, 0, 1, 0, 0, 0, 1, -0.225838, 4.11206, 1.69444 )
shape = SubResource( 5 )

[node name="TownDoorArea" type="Area" parent="."]
transform = Transform( 1, 0, 0, 0, 1, 0, 0, 0, 1, -21.0186, 0, 6.13904 )
script = ExtResource( 8 )

[node name="CollisionShape" type="CollisionShape" parent="TownDoorArea"]
shape = SubResource( 6 )

[node name="Greenier" parent="." instance=ExtResource( 9 )]
transform = Transform( 1, 0, 0, 0, 1, 0, 0, 0, 1, -10.1949, 0, -4.8611 )
custom_talk_cam_transform_spatial = NodePath("../GreenierTalkCamPos")

[node name="GreenierTalkCamPos" type="Camera" parent="."]
transform = Transform( 0.711897, -0.141337, 0.687915, 0, 0.979539, 0.201254, -0.702284, -0.143272, 0.697331, -7.03668, 2.36017, -0.334495 )
fov = 29.0

[node name="Goldie" parent="." instance=ExtResource( 10 )]
transform = Transform( 1, 0, 0, 0, 1, 0, 0, 0, 1, -4.57085, 0, 12.2316 )
custom_talk_cam_transform_spatial = NodePath("../GoldieTalkCamPos")

[node name="GoldieTalkCamPos" type="Camera" parent="."]
transform = Transform( 0.960687, 0.0401241, -0.274718, 0, 0.989502, 0.144522, 0.277632, -0.138841, 0.950602, -8.60734, 2.63133, 20.0517 )
fov = 29.0

[node name="ArcadePostInteractArea" type="Area" parent="."]
script = ExtResource( 11 )

[node name="CollisionShape" type="CollisionShape" parent="ArcadePostInteractArea"]
transform = Transform( 1, 0, 0, 0, 1, 0, 0, 0, 1, -2.25712, 1.21523, 5.45557 )
shape = SubResource( 7 )

[editable path="Model"]
